@article{nederhoff1994canopy,
  title={Canopy photosynthesis of tomato, cucumber and sweet pepper in greenhouses: measurements compared to models},
  author={Nederhoff, EM and Vegter, JG},
  journal={Annals of Botany},
  volume={73},
  number={4},
  pages={421--427},
  year={1994}
}

@inproceedings{heuvelink2004effect,
  title={Effect of leaf area on tomato yield},
  author={Heuvelink, E and Bakker, MJ and Elings, A and Kaarsemaker, RC and Marcelis, LFM},
  booktitle={International Conference on Sustainable Greenhouse Systems-Greensys2004 691},
  pages={43--50},
  year={2004},
  editor={insert}
}

@article{jones1991dynamic,
  title={A dynamic tomato growth and yield model (TOMGRO)},
  author={Jones, James W and Dayan, Ehud and Allen, LH and Van Keulen, Herman and Challa, Hugo},
  journal={Transactions of the ASAE},
  volume={34},
  number={2},
  pages={663--0672},
  year={1991}
  %publisher={American Society of Agricultural and Biological Engineers}
}

@article{hossain2017leaf,
  title={Leaf area index assessment for tomato and cucumber growing period under different water treatments},
  author={Hossain, Shaikh Abdullah Al Mamun and Lixue, Wang and Taotao, Chen and Zhenhua, Li},
  journal={Plant, Soil and Environment},
  volume={63},
  number={10},
  pages={461--467},
  year={2017}
}

@book{heuvelink1996tomato,
  title={Tomato growth and yield: quantitative analysis and synthesis},
  author={Heuvelink, Egbert},
  year={1996},
  publisher={Heuvelink}
}

@article{beda:nathalie,
    author = {Breda, Nathalie J. J.},
    title = {Ground based measurements of leaf area index: a review of methods, instruments and current controversies},
    journal = {Journal of Experimental Botany},
    volume = {54},
    number = {392},
    pages = {2403-2417},
    year = {2003},
    month = {11},
    issn = {0022-0957},
    doi = {10.1093/jxb/erg263},
    url = {https://doi.org/10.1093/jxb/erg263},
    eprint = {https://academic.oup.com/jxb/article-pdf/54/392/2403/1721470/erg263.pdf}
}

@article{acock1978contribution,
  title={The contribution of leaves from different levels within a tomato crop to canopy net photosynthesis: an experimental examination of two canopy models},
  author={Acock, B and Charles-Edwards, DA and Fitter, DJ and Hand, DW and Ludwig, L\_J and Warren Wilson, J and Withers, AC},
  journal={Journal of Experimental Botany},
  volume={29},
  number={4},
  pages={815--827},
  year={1978}
  %publisher={Oxford University Press}
}